<record><leader>00000cas a22000007a 4500</leader><controlfield tag="001">13018879</controlfield><controlfield tag="008">860114c19859999utucr ne      0    0eng d</controlfield><datafield ind1=" " ind2=" " tag="010"><subfield code="a">sn 86091014 </subfield></datafield><datafield ind1=" " ind2=" " tag="040"><subfield code="a">UNP</subfield><subfield code="b">eng</subfield><subfield code="c">UNP</subfield><subfield code="d">UBY</subfield><subfield code="d">OCLCQ</subfield><subfield code="d">OCLCF</subfield><subfield code="d">OCLCO</subfield></datafield><datafield ind1=" " ind2=" " tag="032"><subfield code="a">61796000</subfield><subfield code="b">USPS</subfield></datafield><datafield ind1=" " ind2=" " tag="042"><subfield code="a">msc</subfield></datafield><datafield ind1=" " ind2=" " tag="043"><subfield code="a">n-us-ut</subfield></datafield><datafield ind1=" " ind2="4" tag="050"><subfield code="a">AN2.U8</subfield><subfield code="b">T66</subfield></datafield><datafield ind1="0" ind2="0" tag="245"><subfield code="a">Tooele transcript-bulletin.</subfield></datafield><datafield ind1="1" ind2="3" tag="246"><subfield code="a">Transcript-bulletin</subfield></datafield><datafield ind1=" " ind2=" " tag="260"><subfield code="a">Tooele, Utah :</subfield><subfield code="b">Transcript-Bulletin Pub. Co.,</subfield><subfield code="c">1985-</subfield></datafield><datafield ind1=" " ind2=" " tag="300"><subfield code="a">v. :</subfield><subfield code="b">ill. ;</subfield><subfield code="c">58 cm.</subfield></datafield><datafield ind1=" " ind2=" " tag="310"><subfield code="a">Semiweekly</subfield></datafield><datafield ind1="0" ind2=" " tag="362"><subfield code="a">91st year, no. 7 (July 9, 1985)-</subfield></datafield><datafield ind1=" " ind2=" " tag="525"><subfield code="a">Supplements accompany some issues.</subfield></datafield><datafield ind1=" " ind2=" " tag="580"><subfield code="a">Formed by the union of: Tooele bulletin (Tooele, Utah : 1957), and Tooele transcript (Tooele, Utah : 1957), continuing the numbering of the latter.</subfield></datafield><datafield ind1=" " ind2=" " tag="580"><subfield code="a">Issued from the same office for distribution in Dugway, Utah: Sampler (Dugway, Utah).</subfield></datafield><datafield ind1=" " ind2="0" tag="651"><subfield code="a">Tooele (Utah)</subfield><subfield code="v">Newspapers.</subfield></datafield><datafield ind1=" " ind2="0" tag="651"><subfield code="a">Tooele County (Utah)</subfield><subfield code="v">Newspapers.</subfield></datafield><datafield ind1=" " ind2="7" tag="655"><subfield code="a">Newspapers.</subfield><subfield code="2">fast</subfield><subfield code="0">(OCoLC)fst01423814</subfield></datafield><datafield ind1=" " ind2="7" tag="651"><subfield code="a">Utah</subfield><subfield code="z">Tooele.</subfield><subfield code="2">fast</subfield><subfield code="0">(OCoLC)fst01224269</subfield></datafield><datafield ind1=" " ind2="7" tag="651"><subfield code="a">Utah</subfield><subfield code="z">Tooele County.</subfield><subfield code="2">fast</subfield><subfield code="0">(OCoLC)fst01218433</subfield></datafield><datafield ind1=" " ind2=" " tag="752"><subfield code="a">United States</subfield><subfield code="b">Utah</subfield><subfield code="c">Tooele</subfield><subfield code="d">Tooele.</subfield></datafield><datafield ind1="1" ind2="4" tag="780"><subfield code="t">Tooele bulletin (Tooele, Utah : 1957)</subfield><subfield code="w">(DLC)sn 86091012</subfield><subfield code="w">(OCoLC)13018831</subfield></datafield><datafield ind1="1" ind2="4" tag="780"><subfield code="t">Tooele transcript (Tooele, Utah : 1957)</subfield><subfield code="w">(DLC)sn 86091013</subfield><subfield code="w">(OCoLC)13018839</subfield></datafield><datafield ind1="1" ind2=" " tag="787"><subfield code="t">Sampler (Dugway, Utah)</subfield><subfield code="w">(DLC)sn 85058208</subfield><subfield code="w">(OCoLC)10188190</subfield></datafield></record>